% BibBSM% Fichier BibTeX pour le cours de lecture dirigée réalisé à la session d'automne 2020.@article{fox1992generalized,	title={Generalized collinearity diagnostics},	author={Fox, John and Monette, Georges},	journal={Journal of the American Statistical Association},	volume={87},	number={417},	pages={178--183},	year={1992},	publisher={Taylor \& Francis}}